@book{Arora:2009:CCM:1540612,
 author = {Arora, Sanjeev and Barak, Boaz},
 title = {Computational Complexity: A Modern Approach},
 year = {2009},
 isbn = {0521424267, 9780521424264},
 edition = {1st},
 publisher = {Cambridge University Press},
 address = {New York, NY, USA},
}

@inproceedings{Carter:1977:UCH:800105.803400,
 author = {Carter, J. Lawrence and Wegman, Mark N.},
 title = {Universal Classes of Hash Functions (Extended Abstract)},
 booktitle = {Proceedings of the Ninth Annual ACM Symposium on Theory of Computing},
 series = {STOC '77},
 year = {1977},
 location = {Boulder, Colorado, USA},
 pages = {106--112},
 numpages = {7},
 url = {http://doi.acm.org/10.1145/800105.803400},
 doi = {10.1145/800105.803400},
 acmid = {803400},
 publisher = {ACM},
 address = {New York, NY, USA},
}

@article{DBLP:journals/corr/abs-1002-3534,
  author    = {Thomas Holenstein and
               Grant Schoenebeck},
  title     = {General Hardness Amplification of Predicates and Puzzles},
  journal   = {CoRR},
  volume    = {abs/1002.3534},
  year      = {2010},
  ee        = {http://arxiv.org/abs/1002.3534},
  bibsource = {DBLP, http://dblp.uni-trier.de}
}

@inproceedings{Dodis:2009:SAI:1530441.1530450,
 author = {Dodis, Yevgeniy and Impagliazzo, Russell and Jaiswal, Ragesh and Kabanets, Valentine},
 title = {Security Amplification for Interactive Cryptographic Primitives},
 booktitle = {Proceedings of the 6th Theory of Cryptography Conference on Theory of Cryptography},
 series = {TCC '09},
 year = {2009},
 isbn = {978-3-642-00456-8},
 location = {San Francisco, CA},
 pages = {128--145},
 numpages = {18},
 url = {http://dx.doi.org/10.1007/978-3-642-00457-5_9},
 doi = {10.1007/978-3-642-00457-5_9},
 acmid = {1530450},
 publisher = {Springer-Verlag},
 address = {Berlin, Heidelberg},
}

@article{canetti2004hardness,
  title={Hardness amplification of weakly verifiable puzzles},
  author={Canetti, Ran and Halevi, Shai and Steiner, Michael},
  year={2004}
}

